@article{smith1920article,
  title={Article title},
  author={Smith, Anthony B and Jones, Christopher D and Roberts, Egon F and others},
  journal={Journal},
  volume={1},
  pages={34--56},
  year={1920}
}

@online{gltransform,
    title={Open{GL} transformation},
    url={http://www.songho.ca/opengl/gl\_transform.html},
    urldate={2015-09-07}
}
